<?xml version="1.0" encoding="UTF-8"?><record xmlns="http://www.loc.gov/MARC21/slim" xmlns:cinclude="http://apache.org/cocoon/include/1.0" xmlns:zs="http://www.loc.gov/zing/srw/">
  <leader>01443cz  a2200193n  4500</leader>
  <controlfield tag="001">n  88629476 </controlfield>
  <controlfield tag="003">DLC</controlfield>
  <controlfield tag="005">20150629083306.0</controlfield>
  <controlfield tag="008">880420n| azannaabn          |a ana      </controlfield>
  <datafield tag="010" ind1=" " ind2=" ">
    <subfield code="a">n  88629476 </subfield>
    <subfield code="z">no2011010565</subfield>
  </datafield>
  <datafield tag="035" ind1=" " ind2=" ">
    <subfield code="a">(OCoLC)oca02256826</subfield>
  </datafield>
  <datafield tag="040" ind1=" " ind2=" ">
    <subfield code="a">DLC</subfield>
    <subfield code="b">eng</subfield>
    <subfield code="e">rda</subfield>
    <subfield code="c">DLC</subfield>
    <subfield code="d">DLC</subfield>
    <subfield code="d">CSt</subfield>
    <subfield code="d">DLC</subfield>
  </datafield>
  <datafield tag="110" ind1="2" ind2=" ">
    <subfield code="a">Centre de recherches et d'échanges sur la diffusion et l'inculturation du christianisme (France)</subfield>
  </datafield>
  <datafield tag="410" ind1="2" ind2=" ">
    <subfield code="a">CREDIC</subfield>
  </datafield>
  <datafield tag="410" ind1="2" ind2=" ">
    <subfield code="a">Centre de recherches européen sur la diffusion et l'inculturation du christianisme</subfield>
  </datafield>
  <datafield tag="670" ind1=" " ind2=" ">
    <subfield code="a">Colloque d'histoire missionnaire de Louvain-la-Neuve (1983). Iconographie, catéchisme et missions, 1984:</subfield>
    <subfield code="b">t.p. (Centre de recherches et d'échanges sur la diffusion et l'inculturation du christianisme; CREDIC)</subfield>
  </datafield>
  <datafield tag="670" ind1=" " ind2=" ">
    <subfield code="a">Mission et engagement politique après 1945, c2010: t.p. verso (Centre de recherches européen sur la diffusion et l'inculturation du christianisme (CREDIC))</subfield>
  </datafield>
  <datafield tag="670" ind1=" " ind2=" ">
    <subfield code="a">Bib. nat., June 29, 2015</subfield>
    <subfield code="b">(Centre de recherches et d'échanges sur la diffusion et l'inculturation du christianisme; rejected form: Centre de recherches européen sur la diffusion et l'inculturation du christianisme)</subfield>
  </datafield>
  <datafield tag="670" ind1=" " ind2=" ">
    <subfield code="a">Its website, June 29, 2015</subfield>
    <subfield code="b">(Centre de recherches et d'échanges sur la diffusion et l'inculturation du christianisme; name used for the programs of the last several conferences: Centre de recherches et d'échanges sur la diffusion et l'inculturation du christianisme)</subfield>
  </datafield>
</record>